<?xml version="1.0" encoding="UTF-8"?><collection xmlns="http://www.loc.gov/MARC21/slim"><record><leader>00542nam--2200181-u-4500</leader><controlfield tag="001">000053250</controlfield><controlfield tag="002">20161230</controlfield><controlfield tag="005">20161230201051</controlfield><controlfield tag="008">110113s1000------------r-----000-0-fre-d</controlfield><datafield ind1=" " ind2=" " tag="040"><subfield code="a">IFIN-HH</subfield></datafield><datafield ind1=" " ind2=" " tag="041"><subfield code="a">fre</subfield></datafield><datafield ind1=" " ind2=" " tag="080"><subfield code="a">531.76:530.182(043)</subfield></datafield><datafield ind1="1" ind2=" " tag="100"><subfield code="a">Nassour, Daifallah</subfield></datafield><datafield ind1="1" ind2="0" tag="245"><subfield code="a">Etude theorique et experimentale d'un double diaposon de quartz utilise comme capteur</subfield><subfield code="b">These</subfield><subfield code="c">Daifallah nassour</subfield></datafield><datafield ind1=" " ind2=" " tag="260"><subfield code="a">Besancon</subfield><subfield code="b">Universite De Franche-comte</subfield><subfield code="c">1979</subfield></datafield><datafield ind1=" " ind2=" " tag="300"><subfield code="a">PAG. DIF</subfield></datafield><datafield ind1=" " ind2=" " tag="852"><subfield code="a">49735</subfield><subfield code="c">531</subfield></datafield><datafield ind1=" " ind2=" " tag="CAT"><subfield code="a">Sys</subfield><subfield code="c">20110113</subfield><subfield code="h">125819</subfield></datafield></record></collection>